<?xml version="1.0" encoding="UTF-8"?><collection xmlns="http://www.loc.gov/MARC21/slim"><record><leader>00329nam--2200109-i-4500</leader><controlfield tag="001">000006530</controlfield><controlfield tag="002">20161230</controlfield><controlfield tag="005">20161230201026</controlfield><controlfield tag="008">060222s1000------------r-----000-0-eng-d</controlfield><datafield ind1=" " ind2=" " tag="245"><subfield code="a">Agence internationale de l energie atomique. conference generale. quatrieme session ordinaire</subfield></datafield><datafield ind1=" " ind2=" " tag="260"><subfield code="a">Vienna, A.I.E.A., 1960. Pag.Dif</subfield></datafield><datafield ind1=" " ind2=" " tag="852"><subfield code="a">19200</subfield></datafield></record></collection>